<?xml version="1.0" encoding="UTF-8"?><collection xmlns="http://www.loc.gov/MARC21/slim"><record><leader>00408nam--2200133-i-4500</leader><controlfield tag="001">000010832</controlfield><controlfield tag="002">20161230</controlfield><controlfield tag="005">20161230201029</controlfield><controlfield tag="008">060222s1000------------r-----000-0-eng-d</controlfield><datafield ind1=" " ind2=" " tag="080"><subfield code="a">613:614.876:622</subfield></datafield><datafield ind1=" " ind2=" " tag="100"><subfield code="a">Berceanu, Lucian</subfield></datafield><datafield ind1=" " ind2=" " tag="245"><subfield code="a">Protectia muncii impotriva metanului, prafului si radiatiilor din mina. -combaterea nocivitatilor in subteran-</subfield></datafield><datafield ind1=" " ind2=" " tag="260"><subfield code="a">Bucuresti, Cdpm, 1972. 174 P</subfield></datafield><datafield ind1=" " ind2=" " tag="852"><subfield code="a">39760</subfield></datafield></record></collection>